@article{koren2009matrix,
  title={Matrix factorization techniques for recommender systems},
  author={Koren, Yehuda and Bell, Robert and Volinsky, Chris},
  journal={Computer},
  volume={42},
  number={8},
  year={2009},
  publisher={IEEE}
}

@article{toscher2009bigchaos,
  title={The bigchaos solution to the netflix grand prize},
  author={T{\"o}scher, Andreas and Jahrer, Michael and Bell, Robert M},
  journal={Netflix prize documentation},
  pages={1--52},
  year={2009}
}

@article{sill2009feature,
  title={Feature-weighted linear stacking},
  author={Sill, Joseph and Tak{\'a}cs, G{\'a}bor and Mackey, Lester and Lin, David},
  journal={arXiv preprint arXiv:0911.0460},
  year={2009}
}

@inproceedings{jahrer2010combining,
  title={Combining predictions for accurate recommender systems},
  author={Jahrer, Michael and T{\"o}scher, Andreas and Legenstein, Robert},
  booktitle={Proceedings of the 16th ACM SIGKDD international conference on Knowledge discovery and data mining},
  pages={693--702},
  year={2010},
  organization={ACM}
}

@article{kumar2015role,
  title={Role of matrix factorization model in collaborative filtering algorithm: A survey},
  author={kumar Bokde, Dheeraj and Girase, Sheetal and Mukhopadhyay, Debajyoti},
  journal={CoRR, abs/1503.07475},
  year={2015}
}

@Misc{scipy,
  author =    {Eric Jones and Travis Oliphant and Pearu Peterson and others},
  title =     {{SciPy}: Open source scientific tools for {Python}},
  year =      {2001--},
  url = "http://www.scipy.org/",
  note = {accessed 21 Dec 2017}
}

@Misc{surprise,
author =   {Hug, Nicolas},
title =    { {S}urprise, a {P}ython library for recommender systems},
howpublished = {\url{http://surpriselib.com}},
year = {2017}
}


@Misc{recommend,
author =   {Chyi-Kwei Yau},
title =    {{Recomend}: Simple recommendation system implementation with {Python}},
howpublished = {\url{https://github.com/chyikwei/recommend}},
year = {2017}
}


@article{scikit,
 title={Scikit-learn: Machine Learning in {P}ython},
 author={Pedregosa, F. and Varoquaux, G. and Gramfort, A. and Michel, V.
         and Thirion, B. and Grisel, O. and Blondel, M. and Prettenhofer, P.
         and Weiss, R. and Dubourg, V. and Vanderplas, J. and Passos, A. and
         Cournapeau, D. and Brucher, M. and Perrot, M. and Duchesnay, E.},
 journal={Journal of Machine Learning Research},
 volume={12},
 pages={2825--2830},
 year={2011}
}



@inproceedings{lemire2005slope,
  title={Slope one predictors for online rating-based collaborative filtering},
  author={Lemire, Daniel and Maclachlan, Anna},
  booktitle={Proceedings of the 2005 SIAM International Conference on Data Mining},
  pages={471--475},
  year={2005},
  organization={SIAM}
}

@inproceedings{zhang2006learning,
  title={Learning from incomplete ratings using non-negative matrix factorization},
  author={Zhang, Sheng and Wang, Weihong and Ford, James and Makedon, Fillia},
  booktitle={Proceedings of the 2006 SIAM International Conference on Data Mining},
  pages={549--553},
  year={2006},
  organization={SIAM}
}

@article{koren2010factor,
  title={Factor in the neighbors: Scalable and accurate collaborative filtering},
  author={Koren, Yehuda},
  journal={ACM Transactions on Knowledge Discovery from Data (TKDD)},
  volume={4},
  number={1},
  pages={1},
  year={2010},
  publisher={ACM}
}

@article{luo2014efficient,
  title={An efficient non-negative matrix-factorization-based approach to collaborative filtering for recommender systems},
  author={Luo, Xin and Zhou, Mengchu and Xia, Yunni and Zhu, Qingsheng},
  journal={IEEE Transactions on Industrial Informatics},
  volume={10},
  number={2},
  pages={1273--1284},
  year={2014},
  publisher={IEEE}
}

@inproceedings{mnih2008probabilistic,
  title={Probabilistic matrix factorization},
  author={Mnih, Andriy and Salakhutdinov, Ruslan R},
  booktitle={Advances in neural information processing systems},
  pages={1257--1264},
  year={2008}
}